@inproceedings{mayersyao,
  title={Quantum cryptography with imperfect apparatus},
  author={Mayers, Dominic and Yao, Andrew},
  booktitle={Proceedings 39th Annual Symposium on Foundations of Computer Science (Cat. No. 98CB36280)},
  pages={503--509},
  year={1998},
  organization={IEEE}
}

@article{mckague2012,
  title={Robust self-testing of the singlet},
  author={McKague, Matthew and Yang, Tzyh Haur and Scarani, Valerio},
  journal={Journal of Physics A: Mathematical and Theoretical},
  volume={45},
  number={45},
  pages={455304},
  year={2012},
  publisher={IOP Publishing}
}

@article{yang2013,
  title={Robust self-testing of unknown quantum systems into any entangled two-qubit states},
  author={Yang, Tzyh Haur and Navascu{\'e}s, Miguel},
  journal={Physical Review A},
  volume={87},
  number={5},
  pages={050102},
  year={2013},
  publisher={APS}
}

@article{vv2014,
  title={Fully Device-Independent Quantum Key Distribution},
  author={Vazirani, Umesh and Vidick, Thomas},
  journal={Physical Review Letters},
  volume={113},
  number={14},
  pages={Art--No},
  year={2014},
  publisher={American Physical Society}
}

@inproceedings{cleve2014,
  title={Characterization of binary constraint system games},
  author={Cleve, Richard and Mittal, Rajat},
  booktitle={International Colloquium on Automata, Languages, and Programming},
  pages={320--331},
  year={2014},
  organization={Springer}
}

@inproceedings{slofstra2017,
  title={The set of quantum correlations is not closed},
  author={Slofstra, William},
  booktitle={Forum of Mathematics, Pi},
  volume={7},
  year={2019},
  organization={Cambridge University Press}
}

@inproceedings{natarajan2017,
  title={A quantum linearity test for robustly verifying entanglement},
  author={Natarajan, Anand and Vidick, Thomas},
  booktitle={Proceedings of the 49th Annual ACM SIGACT Symposium on Theory of Computing},
  pages={1003--1015},
  year={2017},
  organization={ACM}
}

@article{bamps2015,
  title={Sum-of-squares decompositions for a family of Clauser-Horne-Shimony-Holt-like inequalities and their application to self-testing},
  author={Bamps, C{\'e}dric and Pironio, Stefano},
  journal={Physical Review A},
  volume={91},
  number={5},
  pages={052111},
  year={2015},
  publisher={APS}
}

@article{acin2012,
  title={Randomness versus nonlocality and entanglement},
  author={Ac{\'\i}n, Antonio and Massar, Serge and Pironio, Stefano},
  journal={Physical review letters},
  volume={108},
  number={10},
  pages={100402},
  year={2012},
  publisher={APS}
}


@article{coladan2017,
  title={Robust self-testing for linear constraint system games},
  author={Coladangelo, Andrea and Stark, Jalex},
  journal={arXiv preprint arXiv:1709.09267},
  year={2017}
}

@article{coladan2018,
  title={Unconditional separation of finite and infinite-dimensional quantum correlations},
  author={Coladangelo, Andrea and Stark, Jalex},
  journal={arXiv preprint arXiv:1804.05116},
  year={2018}
}


@article{thinh2018,
  title={Structure of the set of quantum correlators via semidefinite programming},
  author={Thinh, Le Phuc and Varvitsiotis, Antonios and Cai, Yu},
  journal={arXiv preprint arXiv:1809.10886},
  year={2018}
}


@article{tsirel1987,
  title={Quantum analogues of the Bell inequalities. The case of two spatially separated domains},
  author={Tsirel'son, Boris S},
  journal={Journal of Soviet Mathematics},
  volume={36},
  number={4},
  pages={557--570},
  year={1987},
  publisher={Springer}
}

@article{dykema2017,
  title={The Delta Game},
  author={Dykema, Ken and Paulsen, Vern I and Prakash, Jitendra},
  journal={arXiv preprint arXiv:1707.06186},
  year={2017}
}

@article{froissart1981,
  title={Constructive generalization of Bell?s inequalities},
  author={Froissart, Marcel},
  journal={Il Nuovo Cimento B (1971-1996)},
  volume={64},
  number={2},
  pages={241--251},
  year={1981},
  publisher={Springer}
}

@article{pal2010,
  title={Maximal violation of a bipartite three-setting, two-outcome Bell inequality using infinite-dimensional quantum systems},
  author={P{\'a}l, K{\'a}roly F and V{\'e}rtesi, Tam{\'a}s},
  journal={Physical Review A},
  volume={82},
  number={2},
  pages={022116},
  year={2010},
  publisher={APS}
}

@article{npa2008,
  title={A convergent hierarchy of semidefinite programs characterizing the set of quantum correlations},
  author={Navascu{\'e}s, Miguel and Pironio, Stefano and Ac{\'\i}n, Antonio},
  journal={New Journal of Physics},
  volume={10},
  number={7},
  pages={073013},
  year={2008},
  publisher={IOP Publishing}
}

@incollection{gottesman1999,
  title={Fault-tolerant quantum computation with higher-dimensional systems},
  author={Gottesman, Daniel},
  booktitle={Quantum Computing and Quantum Communications},
  pages={302--313},
  year={1999},
  publisher={Springer}
}

@article{cleve2017,
  title={Perfect commuting-operator strategies for linear system games},
  author={Cleve, Richard and Liu, Li and Slofstra, William},
  journal={Journal of Mathematical Physics},
  volume={58},
  number={1},
  pages={012202},
  year={2017},
  publisher={AIP Publishing}
}

@article{murty1988,
  title={Artin's conjecture for primitive roots},
  author={Murty, Maruti Ram},
  journal={The Mathematical Intelligencer},
  volume={10},
  number={4},
  pages={59--67},
  year={1988},
  publisher={Springer}
}

@article{coladan2017verifier,
  title={Verifier-on-a-leash: new schemes for verifiable delegated quantum computation, with quasilinear resources},
  author={Coladangelo, Andrea and Grilo, Alex and Jeffery, Stacey and Vidick, Thomas},
  journal={arXiv preprint arXiv:1708.07359},
  year={2017}
}

@article{wu2016,
  title={Device-independent parallel self-testing of two singlets},
  author={Wu, Xingyao and Bancal, Jean-Daniel and McKague, Matthew and Scarani, Valerio},
  journal={Physical Review A},
  volume={93},
  number={6},
  pages={062121},
  year={2016},
  publisher={APS}
}

@article{chsh,
  title={Proposed experiment to test local hidden-variable theories},
  author={Clauser, John F and Horne, Michael A and Shimony, Abner and Holt, Richard A},
  journal={Physical review letters},
  volume={23},
  number={15},
  pages={880},
  year={1969},
  publisher={APS}
}

@article{magic_square,
  title={Quantum mysteries revisited again},
  author={Aravind, Padmanabhan K.},
  journal={American Journal of Physics},
  volume={72},
  number={10},
  pages={1303--1307},
  year={2004},
  publisher={AAPT}
}

@article{ruv2013,
  title={Classical command of quantum systems},
  author={Reichardt, Ben W and Unger, Falk and Vazirani, Umesh},
  journal={Nature},
  volume={496},
  number={7446},
  pages={456},
  year={2013},
  publisher={Nature Publishing Group}
}

@article{fu2018,
  title={Local randomness: Examples and application},
  author={Fu, Honghao and Miller, Carl A},
  journal={Physical Review A},
  volume={97},
  number={3},
  pages={032324},
  year={2018},
  publisher={APS}
}

@article{eat2018,
  title={Practical device-independent quantum cryptography via entropy accumulation},
  author={Arnon-Friedman, Rotem and Dupuis, Fr{\'e}d{\'e}ric and Fawzi, Omar and Renner, Renato and Vidick, Thomas},
  journal={Nature communications},
  volume={9},
  number={1},
  pages={459},
  year={2018},
  publisher={Nature Publishing Group}
}

@article{miller2017,
  title={Universal security for randomness expansion from the spot-checking protocol},
  author={Miller, Carl A and Shi, Yaoyun},
  journal={SIAM Journal on Computing},
  volume={46},
  number={4},
  pages={1304--1335},
  year={2017},
  publisher={SIAM}
}

@article{coladan2016parallel,
  title={Parallel self-testing of (tilted) EPR pairs via copies of (tilted) CHSH},
  author={Coladangelo, Andrea W},
  journal={arXiv preprint arXiv:1609.03687},
  year={2016}
}

@article{mckague2016,
  title={Self-testing in parallel},
  author={McKague, Matthew},
  journal={New Journal of Physics},
  volume={18},
  number={4},
  pages={045013},
  year={2016},
  publisher={IOP Publishing}
}

@inproceedings{lowdegree,
  title={Low-degree testing for quantum states, and a quantum entangled games PCP for QMA},
  author={Natarajan, Anand and Vidick, Thomas},
  booktitle={2018 IEEE 59th Annual Symposium on Foundations of Computer Science (FOCS)},
  pages={731--742},
  year={2018},
  organization={IEEE}
}

@article{coladan2017all,
  title={All pure bipartite entangled states can be self-tested},
  author={Coladangelo, Andrea and Goh, Koon Tong and Scarani, Valerio},
  journal={Nature communications},
  volume={8},
  pages={15485},
  year={2017},
  publisher={Nature Publishing Group}
}


@book{dummit2004,
  title={Abstract algebra},
  author={Dummit, David Steven and Foote, Richard M},
  volume={3},
  year={2004},
  publisher={Wiley Hoboken}
}

@inproceedings{fitzsimons2019,
  title={Quantum proof systems for iterated exponential time, and beyond},
  author={Fitzsimons, Joseph and Ji, Zhengfeng and Vidick, Thomas and Yuen, Henry},
  booktitle={Proceedings of the 51st Annual ACM SIGACT Symposium on Theory of Computing},
  pages={473--480},
  year={2019},
  organization={ACM}
}

@inproceedings{slofstra2018,
  title={Entanglement in non-local games and the hyperlinear profile of groups},
  author={Slofstra, William and Vidick, Thomas},
  booktitle={Annales Henri Poincar{\'e}},
  volume={19},
  number={10},
  pages={2979--3005},
  year={2018},
  organization={Springer}
}

@article{neexp,
  title={NEEXP in MIP},
  author={Natarajan, Anand and Wright, John},
  journal={arXiv preprint arXiv:1904.05870},
  year={2019}
}